<record><leader>00000cas a22000007a 4500</leader><controlfield tag="001">51795438</controlfield><controlfield tag="008">030305c20039999vauwr ne      0    0eng d</controlfield><datafield ind1=" " ind2=" " tag="010"><subfield code="a">sn2003061702</subfield></datafield><datafield ind1=" " ind2=" " tag="040"><subfield code="a">NOC</subfield><subfield code="b">eng</subfield><subfield code="c">NOC</subfield><subfield code="d">NVK</subfield><subfield code="d">OCLCQ</subfield><subfield code="d">OCLCF</subfield><subfield code="d">OCLCO</subfield><subfield code="d">OCLCA</subfield></datafield><datafield ind1=" " ind2=" " tag="022"><subfield code="a">0896-1883</subfield><subfield code="l">0896-1883</subfield></datafield><datafield ind1="1" ind2=" " tag="029"><subfield code="a">AU@</subfield><subfield code="b">000024725990</subfield></datafield><datafield ind1=" " ind2=" " tag="042"><subfield code="a">msc</subfield></datafield><datafield ind1=" " ind2=" " tag="043"><subfield code="a">n-us-va</subfield></datafield><datafield ind1="0" ind2="0" tag="245"><subfield code="a">Mid-Atlantic country folks farm chronicle.</subfield></datafield><datafield ind1="3" ind2="0" tag="246"><subfield code="a">Country folks farm chronicle</subfield></datafield><datafield ind1="3" ind2="0" tag="246"><subfield code="a">Farm chronicle</subfield></datafield><datafield ind1=" " ind2=" " tag="260"><subfield code="a">Culpeper, VA :</subfield><subfield code="b">Lee Newspapers, Ltd.,</subfield><subfield code="c">2003-</subfield></datafield><datafield ind1=" " ind2=" " tag="300"><subfield code="a">v. :</subfield><subfield code="b">ill. ;</subfield><subfield code="c">38 cm.</subfield></datafield><datafield ind1=" " ind2=" " tag="310"><subfield code="a">Weekly</subfield></datafield><datafield ind1="0" ind2=" " tag="362"><subfield code="a">Vol. 22, no. 1 (Jan. 6, 2003)-</subfield></datafield><datafield ind1=" " ind2="0" tag="650"><subfield code="a">Agriculture</subfield><subfield code="z">North Carolina</subfield><subfield code="v">Newspapers.</subfield></datafield><datafield ind1=" " ind2="0" tag="650"><subfield code="a">Agriculture</subfield><subfield code="z">Virginia</subfield><subfield code="v">Newspapers.</subfield></datafield><datafield ind1=" " ind2="0" tag="650"><subfield code="a">Agriculture</subfield><subfield code="z">Maryland</subfield><subfield code="v">Newspapers.</subfield></datafield><datafield ind1=" " ind2="7" tag="655"><subfield code="a">Newspapers.</subfield><subfield code="2">fast</subfield><subfield code="0">(OCoLC)fst01423814</subfield></datafield><datafield ind1=" " ind2="7" tag="650"><subfield code="a">Agriculture.</subfield><subfield code="2">fast</subfield><subfield code="0">(OCoLC)fst00801355</subfield></datafield><datafield ind1=" " ind2="7" tag="651"><subfield code="a">Maryland.</subfield><subfield code="2">fast</subfield><subfield code="0">(OCoLC)fst01204739</subfield></datafield><datafield ind1=" " ind2="7" tag="651"><subfield code="a">North Carolina.</subfield><subfield code="2">fast</subfield><subfield code="0">(OCoLC)fst01204304</subfield></datafield><datafield ind1=" " ind2="7" tag="651"><subfield code="a">Virginia.</subfield><subfield code="2">fast</subfield><subfield code="0">(OCoLC)fst01204597</subfield></datafield><datafield ind1=" " ind2=" " tag="752"><subfield code="a">United States</subfield><subfield code="b">Virginia</subfield><subfield code="c">Culpeper</subfield><subfield code="d">Culpeper.</subfield></datafield><datafield ind1="0" ind2="0" tag="780"><subfield code="t">Farm chronicle</subfield><subfield code="w">(OCoLC)17436724</subfield></datafield><datafield ind1="0" ind2="0" tag="780"><subfield code="t">Farm chronicle (North Carolina ed.)</subfield><subfield code="w">(OCoLC)49275258</subfield></datafield></record>